% !TEX encoding = UTF-8 Unicode

@misc{web:rfs,
    author = "Zacks",
    title = "Common Risk Factors in the Returns on Stocks \& Bonds",
    year = "2017",
    url = "https://finance.zacks.com/common-risk-factors-returns-stocks-bonds-5893.html",
}
